<record><leader>00000cas a22000007a 4500</leader><controlfield tag="001">9367980</controlfield><controlfield tag="008">830401d18071822ohuwr ne      0    0eng d</controlfield><datafield ind1=" " ind2=" " tag="010"><subfield code="a">sn 83035040 </subfield></datafield><datafield ind1=" " ind2=" " tag="040"><subfield code="a">NPY</subfield><subfield code="b">eng</subfield><subfield code="c">NPY</subfield><subfield code="d">NPX</subfield><subfield code="d">DLC</subfield><subfield code="d">NPU</subfield><subfield code="d">ONP</subfield><subfield code="d">ANU</subfield><subfield code="d">ONP</subfield><subfield code="d">DLC</subfield><subfield code="d">NVK</subfield><subfield code="d">OCL</subfield><subfield code="d">OCLCG</subfield><subfield code="d">OCLCQ</subfield><subfield code="d">DLC</subfield><subfield code="d">OCLCQ</subfield><subfield code="d">OCLCF</subfield></datafield><datafield ind1="1" ind2=" " tag="029"><subfield code="a">AU@</subfield><subfield code="b">000020128083</subfield></datafield><datafield ind1=" " ind2=" " tag="042"><subfield code="a">msc</subfield></datafield><datafield ind1=" " ind2=" " tag="043"><subfield code="a">n-us-oh</subfield></datafield><datafield ind1="0" ind2="0" tag="050"><subfield code="a">Newspaper</subfield></datafield><datafield ind1="0" ind2=" " tag="130"><subfield code="a">Western star (Lebanon, Warren County, Ohio : 1807)</subfield></datafield><datafield ind1="1" ind2="4" tag="245"><subfield code="a">The Western star.</subfield></datafield><datafield ind1=" " ind2=" " tag="260"><subfield code="a">Lebanon, Ohio :</subfield><subfield code="b">John M'Clean,</subfield><subfield code="c">1807-1822.</subfield></datafield><datafield ind1=" " ind2=" " tag="300"><subfield code="a">volumes</subfield></datafield><datafield ind1=" " ind2=" " tag="310"><subfield code="a">Weekly</subfield></datafield><datafield ind1=" " ind2=" " tag="336"><subfield code="a">text</subfield><subfield code="b">txt</subfield><subfield code="2">rdacontent</subfield></datafield><datafield ind1=" " ind2=" " tag="337"><subfield code="a">unmediated</subfield><subfield code="b">n</subfield><subfield code="2">rdamedia</subfield></datafield><datafield ind1=" " ind2=" " tag="338"><subfield code="a">volume</subfield><subfield code="b">nc</subfield><subfield code="2">rdacarrier</subfield></datafield><datafield ind1="0" ind2=" " tag="362"><subfield code="a">Vol. 1, no. 1 (Feb. 13, 1807)-v. 6, no. 37 (Aug. 10, 1822) = Whole no. 1-whole no. 297.</subfield></datafield><datafield ind1=" " ind2=" " tag="500"><subfield code="a">Imprint varies: Printed by Noah Crane, Jr. for Nathaniel M'Clean, &lt;1810&gt;; published by Nathaniel M'Clean, &lt;1810&gt;; Nathaniel M'Clean &amp; Adjet M'Guire, &lt;1811&gt;; Nathaniel M'Clean &amp; Samuel H. Hale, &lt;1811-&lt;1812&gt;; Nathaniel M'Clean &amp; William Blackburn, &lt;1813&gt;; William Blackburn &amp; Co., &lt;1813&gt;; William Blackburn &amp; William M'Lean, &lt;1814&gt;; William M'Lean &amp; Co., &lt;1814&gt;; Van Vleet &amp; Eddy, &lt;1816&gt;-1817; Van Vleet, Eddy &amp; Camron, 1817; Van Vleet, Camron &amp; Cunningham, 1817; Van Vleet &amp; Camron, 1817-&lt;1818&gt;; Abram Van Vleet, &lt;1819&gt;; Van Vleet &amp; Co., &lt;1820&gt;.</subfield></datafield><datafield ind1=" " ind2=" " tag="500"><subfield code="a">Publisher: Smith &amp; Henderson, &lt;1816&gt;.</subfield></datafield><datafield ind1=" " ind2=" " tag="530"><subfield code="a">Available on microfilm from Bell &amp; Howell.</subfield></datafield><datafield ind1=" " ind2="0" tag="651"><subfield code="a">Lebanon (Warren County, Ohio : Civil jurisdiction)</subfield><subfield code="v">Newspapers.</subfield></datafield><datafield ind1=" " ind2="0" tag="651"><subfield code="a">Warren County (Ohio)</subfield><subfield code="v">Newspapers.</subfield></datafield><datafield ind1=" " ind2="7" tag="655"><subfield code="a">Newspapers.</subfield><subfield code="2">fast</subfield><subfield code="0">(OCoLC)fst01423814</subfield></datafield><datafield ind1=" " ind2="7" tag="651"><subfield code="a">Ohio</subfield><subfield code="z">Lebanon (Warren County : Civil jurisdiction)</subfield><subfield code="2">fast</subfield><subfield code="0">(OCoLC)fst01754244</subfield></datafield><datafield ind1=" " ind2="7" tag="651"><subfield code="a">Ohio</subfield><subfield code="z">Warren County.</subfield><subfield code="2">fast</subfield><subfield code="0">(OCoLC)fst01204172</subfield></datafield><datafield ind1="1" ind2=" " tag="700"><subfield code="a">McLean, John,</subfield><subfield code="d">1785-1861.</subfield></datafield><datafield ind1="1" ind2=" " tag="700"><subfield code="a">Crane, Noah,</subfield><subfield code="d">1782-1810.</subfield></datafield><datafield ind1="1" ind2=" " tag="700"><subfield code="a">M'Clean, Nathaniel.</subfield></datafield><datafield ind1="1" ind2=" " tag="700"><subfield code="a">Blackburn, William.</subfield></datafield><datafield ind1="1" ind2=" " tag="700"><subfield code="a">Eddy, John,</subfield><subfield code="d">1762-1824.</subfield></datafield><datafield ind1="1" ind2=" " tag="700"><subfield code="a">Van Vleet, Abram.</subfield></datafield><datafield ind1="1" ind2=" " tag="700"><subfield code="a">McLean, William,</subfield><subfield code="d">1794-1839.</subfield></datafield><datafield ind1="1" ind2=" " tag="700"><subfield code="a">M'Guire, Adjet.</subfield></datafield><datafield ind1="1" ind2=" " tag="700"><subfield code="a">Hale, Samuel H.</subfield></datafield><datafield ind1="1" ind2=" " tag="700"><subfield code="a">Camron, William A.,</subfield><subfield code="d">-1838.</subfield></datafield><datafield ind1=" " ind2=" " tag="752"><subfield code="a">United States</subfield><subfield code="b">Ohio</subfield><subfield code="c">Warren</subfield><subfield code="d">Lebanon.</subfield></datafield><datafield ind1="0" ind2="7" tag="785"><subfield code="t">Lebanon gazette (Lebanon, Warren County, Ohio : 1821)</subfield><subfield code="w">(DLC)sn 88077492</subfield><subfield code="w">(OCoLC)17941200</subfield></datafield><datafield ind1="0" ind2="7" tag="785"><subfield code="t">Western star &amp; Lebanon gazette (Lebanon, Warren County, Ohio : 1822)</subfield><subfield code="w">(DLC)sn 85038194</subfield><subfield code="w">(OCoLC)11912414</subfield></datafield></record>